
@article{jonasHardtFreyThelen2001,
	author = {Jonas and Schulz-Hardt and Frey and Thelen},
	title = {Confirmation bias in sequential information search after preliminary decisions: an expansion of dissonance theoretical research on selective exposure to information. Journal of personality and social psychology},
	journal = {American Psychological Association},
	year = {2001},
	doi = {10.1037//0022-3514.80.4.557}
}

@article{friedkin,
	author = {Friedkin,Na Ea and  Johnsen, E},
	title = { Social influence and opinions},
	journal = {J Math Soc 15(3–4):193–206},
	year = {1990}
}

@article{sunstein,
	author = {Sunstein, C.R.},
	title = { The law of group polarization.},
	journal = {journal of political philosophy},
	year = {2002}
}

@article{tsapMatakosTerzi,
	author = { Matakos, Antonis and  Terzi, Evimaria and Tsaparas, Panayiotis},
	title = { Measuring and moderating opinion polarization in social networks},
	journal = {Data Mining and Knowledge Discovery},
	year = {2017},
	volume = {15},
	doi = {10.1007/s10618-017-0527-9}
}

@article{musco,
	author = {Musco, Cameron and Musco, Christopher and Tsourakakis,  Charalampos E.},
	title = { Minimizing Polarization and Disagreement in Social Networks},
	journal = {WWW '18: Proceedings of the 2018 World Wide Web Conference 369-378},
	year = {2018}
}

@article{chen,
	author = {Chen, Xi and Lijffijt, Jefrey and De Bie, Tijl},
	title={Quantifying and minimizing Risk of Conflict in Social Networks},
	journal = {KDD '18: Proceedings of the 24th ACM SIGKDD International Conference on Knowledge Discovery and Data Mining 1197–1205},
	year = {2018},
	isbn = {9781450355520},
	location = {London, United Kingdom}
}

@article{garimella,
	author = {Garimella, Kiran and Morales, Gianmarco De Francisci and Gionis, Aristides and Mathioudakis, Michael},
	title = {Reducing Controversy by Connecting Opposing Views},
	journal = {Proceedings of the Twenty-Seventh International Joint Conference on Artificial Intelligence Best Sister Conferences 5249-5253},
	year = {2018},
}

@INPROCEEDINGS{bindel,
  author={D. {Bindel} and J. {Kleinberg} and S. {Oren}},
  booktitle={2011 IEEE 52nd Annual Symposium on Foundations of Computer Science}, 
  title={How Bad is Forming Your Own Opinion?}, 
  year={2011},
  volume={},
  number={},
  pages={57-66},
  doi={10.1109/FOCS.2011.43}}

@inproceedings{nr,
     title={The Network Data Repository with Interactive Graph Analytics and Visualization},
     author={Ryan A. Rossi and Nesreen K. Ahmed},
     booktitle={AAAI},
     url={http://networkrepository.com},
     year={2015}
     
}

@online{bperozzi,
	author = {Perozzi, Al-Rfou, Skien},
	title = {DeepWalk: Online Learning of Social Representations},
	year = {2014},
	url = {https://arxiv.org/pdf/1403.6652.pdf}
}

@article{Leskovec,
	author = {Leskovec,  Jure and Grover, Aditya},
	journal={KDD '16: Proceedings of the 22nd ACM SIGKDD International Conference on Knowledge Discovery and Data Mining 855-864},
	title = {node2vec: Scalable Feature Learning for Networks},
	year = {2016},
}